@misc{Percolation,
  author    = {Dr. Kim Christensen},
  title     = {Percolation Theory},
  howpublished       = {\\\url{http://web.mit.edu/ceder/publications/Percolation.pdf}}
},
@misc{PercWW,
  author={Jonathan Warren},
  title={ {ST}213: Mathematics of Random Events},
  howpublished       = {\\\url{http://web.warwick.ac.uk/statsdept/staff/JW/teaching/ST213/perc2.pdf}}
}